
@article{lakshmi12-dynamite,
    Author = {Lakshmi N. Bairavasundaram and Gokul Soundararajan and Vipul Mathur and Kaladhar Voruganti and Kiran Srinivasan},
    Title = "{Responding Rapidly to Service Level Violations Using Virtual Appliances}",
	Journal = {{ACM} SIGOPS Operating Systems Review},
	Month = "December",
	Number = {3},
	Pages = {32--40},
	Volume = {46},
	Year = {2012}}

@inproceedings{debrabant14,
  author = {DeBrabant, Justin and Arulraj, Joy and Pavlo, Andrew and Stonebraker, Michael and Zdonik, Stan and Dulloor, Subramanya},
  title = "{A Prolegomenon on OLTP Database Systems for Non-Volatile Memory}",
  booktitle = {Proceedings of the 5th International Workshop on Accelerating Data Management Systems Using Modern Processor and Storage Architectures (ADMS '14)},
  year = {2014},
  month = sept,
}

@inproceedings {huang12-azureerasure,
author = {Cheng Huang and Huseyin Simitci and Yikang Xu and Aaron Ogus and Brad Calder and Parikshit Gopalan and Jin Li and Sergey Yekhanin},
title = {Erasure Coding in Windows Azure Storage},
  booktitle = {Proceedings of the USENIX Annual Technical Conference (USENIX '12)},
  month = jun,
  year = "2012",
  address = "Boston, Massachusetts",
}

@INPROCEEDINGS{Kumar07-Micro,
author={Amit Kumar and Ram Huggahalli},
booktitle = {Proceedings of the 40th Annual IEEE/ACM International Symposium on Microarchitecture (MICRO '07)},
title={Impact of Cache Coherence Protocols on the Processing of Network Traffic},
year={2007},
month={Dec},
address = "Chicago, Illinois",
}

@misc{newintelinstruction,
	Author = {Intel},
	Note = {\url{http://www.lwn.net/Articles/619851}},
	Title = "{Add Support for New Persistent Memory Instructions}"
}

@misc{Intel-arch-manual,
	Author = {Intel},
	Note = {\url{http://www.intel.com/content/dam/www/public/us/en/documents/manuals/64-ia-32-architectures-software-developer-manual-325462.pdf}},
	Title = "{Intel 64 and IA-32 Architectures Software Developer's Manual}"
}

@inproceedings{calder11-azure,
 author = {Calder, Brad and Wang, Ju and Ogus, Aaron and Nilakantan, Niranjan and Skjolsvold, Arild and McKelvie, Sam and Xu, Yikang and Srivastav, Shashwat and Wu, Jiesheng and Simitci, Huseyin and Haridas, Jaidev and Uddaraju, Chakravarthy and Khatri, Hemal and Edwards, Andrew and Bedekar, Vaman and Mainali, Shane and Abbasi, Rafay and Agarwal, Arpit and Haq, Mian Fahim ul and Haq, Muhammad Ikram ul and Bhardwaj, Deepali and Dayanand, Sowmya and Adusumilli, Anitha and McNett, Marvin and Sankaran, Sriram and Manivannan, Kavitha and Rigas, Leonidas},
 title = {Windows Azure Storage: A Highly Available Cloud Storage Service with Strong Consistency},
  booktitle  = {Proceedings of the 23rd ACM Symposium on Operating Systems Principles (SOSP '11)},
  month      = oct,
  year       = "2011",
  address    = "Cascais, Portugal",
} 

@inproceedings{breslau1999web-caching,
	Author = {L. Breslau and Pei Cao and Li Fan and G. Phillips and S. Shenker},
	Booktitle = {Eighteenth Annual Joint Conference of the IEEE Computer and Communications Societies (INFOCOM 1999)},
	Month = "March",
	Title = "{Web Caching and {Zipf}-like Distributions: Evidence and Implications}",
    Address = "New York, New York",
	Year = {1999}}

@inproceedings{nath06-subtleties,
	Author = {Suman Nath and Haifeng Yu and Philip B. Gibbons and Srinivasan Seshan},
	Title = {Subtleties in Tolerating Correlated Failures in Wide-area Storage Systems},
  booktitle = "Proceedings of the 3rd Symposium on Networked Systems Design and Implementation (NSDI '06)",
  address   = "San Jose, California",
  month     = may,
  year      = "2006",
}

@inproceedings{ford2010availability,
	Author = {Daniel Ford and Fran\c{c}ois Labelle and Florentina I. Popovici and Murray Stokely and Van-Anh Truong and Luiz Barroso and Carrie Grimes and Sean Quinlan},
  booktitle = "Proceedings of the 9th Symposium on Operating Systems Design and Implementation (OSDI '10)",
  month = dec,
  year = "2010", 
  address = "Vancouver, Canada",
	Title = "{Availability in Globally Distributed Storage Systems}"}

@inproceedings{mchugh2010amazon,
	Author = {Jason McHugh},
	Booktitle = {The Annual International Software Development Conference (QCon '09)}, 
	Month = "November",
    address = "San Francisco, California",
	Title = "{Amazon {S3}: Architecting for Resiliency in the Face of Massive Load}",
	Year = {2009}}

@misc{FacebookFlashCache,
	Author = {Facebook},
	Note = {\url{http://www.github.com/facebook/flashcache}},
	Title = "{Facebook FlashCache}"}

@misc{FacebookTimeline,
	Author = {Ryan Mack},
	Note = {\url{http://www.facebook.com/note.php?note_id=10150468255628920}},
	Title = "{Building Timeline: Scaling up to Hold Your Life Story}"}

@misc{NetAppFAS,
	Author = {NetApp},
	Title = "{FAS6200 Series Technical Specifications}",
	Note = {\url{http://www.netapp.com/us/products/storage-systems/fas6200/fas6200-tech-specs.html}},
}

@misc{EMCSymmetricVMAX,
	Author = {EMC},
	Title = "{EMC Symmetric VMAX 20K Storage System}",
	howpublished = "{http://www.emc.com/collateral/hardware/data-sheet/h6193-symmetrix-vmax-20k-ds.pdf}",
}


@misc{Narayanan12-Conversation,
	Author = {Dushyanth Narayanan and Austin Donnelly and Antony Rowstron},
	Title = "{Private Conversation}",
    Month = "September",
    Year = {2012}
    }

@misc{MemcachedScript,
	Note = {\url{http://www.pablowe.net/2008/07/memcached/}},
	Title = "{Memcached Warmup Scripts}"}

@misc{MemcacheScript1,
	Note = {\url{http://joped.com/2009/03/a-rant-about-proper-memcache-usage/}},
	Title = "{A Rant about Proper Memcache Usage}"}

@misc{AmazonEC2SLA,
	Author = {Amazon},
	Note = {\url{http://aws.amazon.com/ec2-sla}},
	Title = "{Amazon EC2 Service Level Agreement}"
}

@misc{AmazonElastiCache,
	Author = {Amazon},
	Note = {\url{http://aws.amazon.com/elasticache/}},
	Title = "{Amazon ElastiCache}"}

@inproceedings{Atikoglu12-keyvalueanal,
 author = {Atikoglu, Berk and Xu, Yuehai and Frachtenberg, Eitan and Jiang, Song and Paleczny, Mike},
 title = "{Workload Analysis of a Large-scale Key-value Store}",
 booktitle = {Proceedings of the 12th ACM SIGMETRICS/PERFORMANCE Joint International Conference on Measurement and Modeling of Computer Systems (SIGMETRICS '12)},
 year = {2012},
 month = jun,
 address = {London, United Kingdom},
} 

@inproceedings{Petersen97-Bayou,
	Author = {Karin Petersen and Mike J. Spreitzer and Douglas B. Terry and Marvin M. Theimer and Alan J. Demers},
  booktitle  = {Proceedings of the 16th ACM Symposium on Operating Systems Principles (SOSP '97)},
  address    = {Saint-Malo, France},
  month      = oct, 
  year       = {1997},
	Title = "{Flexible Update Propagation for Weakly Consistent Replication}"}

@inproceedings{Terry13-Pileus,
	Author = {Douglas B. Terry and Vijayan Prabhakaran and Ramakrishna Kotla and Mahesh Balakrishnan and Marcos K. Aguilera and Hussam Abu-Libdeh},
	Title = "{Consistency-Based Service Level Agreements for Cloud Storage}",
  booktitle  = {Proceedings of the 24th ACM Symposium on Operating Systems Principles (SOSP '13)},
  month      = nov,
  year       = "2013",
  address    = "Farmington, Pennsylvania",
}

@inproceedings{Gray96-Danger,
 author = {Gray, Jim and Helland, Pat and O'Neil, Patrick and Shasha, Dennis},
 title = {The Dangers of Replication and a Solution},
  booktitle =  "Proceedings of the 1996 ACM SIGMOD International Conference on Management of Data (SIGMOD '96)",
 address = {New York, New York},
  month     = jun,
  year      = "1996",
} 


@inproceedings{Ongaro11-RamCloud,
	Author = {Diego Ongaro and Stephen M. Rumble and Ryan Stutsman and John Ousterhout and Mendel Rosenblum},
  booktitle  = {Proceedings of the 23rd ACM Symposium on Operating Systems Principles (SOSP '11)},
  month      = oct,
  year       = "2011",
  address    = "Cascais, Portugal",
	Title = "{Fast Crash Recovery in RAMCloud}"}

@inproceedings{Harter11-workload,
	Author = {Tyler Harter and Chris Dragga and Michael Vaughn and Andrea C. Arpaci-Dusseau and Remzi H. Arpaci-Dusseau},
  booktitle  = {Proceedings of the 23rd ACM Symposium on Operating Systems Principles (SOSP '11)},
  month      = "October",
  year       = "2011",
  address    = "Cascais, Portugal",
	Title = "{A Fiel is Not a File: Understanding the I/O Behavior of Apple Desktop Applications}"
}

@inproceedings{Grupp12-Bleak,
    Author = {Laura M. Grupp and John D. Davis and Steven Swanson},
	Title = "{The Bleak Future of NAND Flash Memory}",
	Crossref = {FAST12},
}

@inproceedings{Yang12-Poll,
    Author = {Jisoo Yang and Dave B. Minturn and Frank Hady},
	Title = "{When Poll is Better than Interrupt}",
  booktitle = "Proceedings of the 10th USENIX Symposium on File and Storage Technologies (FAST '12)",
  address = "San Jose, California",
  month = "February",
  year = {2012},
}
@inproceedings{BansalModha04-CAR,
	Author = {Sorav Bansal and Dharmendra S. Modha}, 
	Title = "{CAR: Clock with Adaptive Replacement}",
	Crossref = {FAST04},
}

@inproceedings{Gill08-PROMOTE,
	Author = {Binny S. Gill}, 
	Title = "{On Multi-level Exclusive Caching: Offline Optimality and Why Promotions Are Better than Demotions}",
  booktitle = "Proceedings of the 6th USENIX Symposium on File and Storage Technologies (FAST '08)",
  address = "San Jose, California",
  month = "February",
  year = 2008,
}


@inproceedings{Patterson95-Informed,
	Author = {R. Hugo Patterson and Garth A. Gibson and Eka Ginting and Daniel Stodolsky and Jim Zelenka}, 
	Title = "{Informed Prefetching and Caching}",
	Crossref = {SOSP95},
}

@inproceedings{WachsEtAl07-Argon,
	Author = {Matthew Wachs and Michael Abd-El-Malek},
	Title = "{Argon: Performance Insulation for Shared Storage Servers}",
	Crossref = {FAST07},
}

@inproceedings{Saxena12-FlashTier,
	Author = {Mohit Saxena and Michael M. Swift and Yiying Zhang},
	Crossref = {EUROSYS12},
	Title = "{FlashTier: a Lightweight, Consistent and Durable Storage Cache}"
}

@inproceedings{narayanan2008everest,
	Author = {Dushyanth Narayanan and Austin Donnelly and Eno Thereska and Sameh Elnikety and Antony Rowstron},
	Crossref = {OSDI08},
	Title = "{Everest: Scaling Down Peak Loads Through {I/O} Off-Loading}"}

@inproceedings{leung2008measurement,
	Author = {Andrew Leung and Shankar Pasupathy and Garth Goodson and Ethan L. Miller},
	Crossref = {USENIX08},
	Title = "{Measurement and Analysis of Large-Scale Network File System Workloads}"}

@inproceedings{ellard2003passive,
	Author = {Daniel Ellard and Jonathon Ledlie and Pia Malkani and Margo Seltzer},
	Crossref = {FAST03},
	Title = "{Passive NFS Tracing of Email and Research Workloads}"}

@inproceedings{roselli2000a-comparison,
	Author = {Drew Roselli and Jacob R. Lorch and Thomas E. Anderson},
	Crossref = {USENIX00},
	Title = "{A Comparison of File System Workloads}"}

@inproceedings{nelson2005fast,
	Author = {Michael Nelson and Beng-Hong Lim and Greg Hutchins},
	Crossref = {USENIX05},
	Title = "{Fast Transparent Migration for Virtual Machines}",
    }

@inproceedings{agrawal2007afive-year,
	Author = {Nitin Agrawal and William J. Bolosky and John R. Douceur and Jacob R. Lorch},
	Title = "{A Five-Year Study of File-System Metadata}",
  booktitle = "{Proceedings of the 5th USENIX Symposium on File and Storage Technologies (FAST '07)}",
  address = "San Jose, California",
  month = feb,
  year = {2007},
    }

@article{adams2012analysis,
	Author = {Ian F. Adams and Mark W. Storer and Ethan L. Miller},
	Journal = {{ACM} Transactions on Storage ({TOS})},
	Month = may,
	Number = {2},
	Title = "{Analysis of Workload Behavior in Scientific and Historical Long-Term Data Repositories}",
	Volume = {8},
	Year = {2012}}

@inproceedings{meyer2011a-study,
	Author = {Dutch T. Meyer and William J. Bolosky},
	Crossref = {FAST11},
	Title = "{A Study of Practical Deduplication}"}

@inproceedings{shamma2011capo,
	Author = {Mohammad Shamma and Dutch T. Meyer and Jake Wires and Maria Ivanova and Norman C. Hutchinson and Andrew Warfield},
	Crossref = {FAST11},
	Title = "{Capo: Recapitulating Storage for Virtual Desktops}"}

@inproceedings{Nameless,
	Author = {Yiying Zhang and Leo Prasath Arulraj and Andrea C. Arpaci-Dusseau and Remzi H. Arpaci-Dusseau},
	Crossref = {FAST12},
    Title = "{De-indirection for Flash-based SSDs with Nameless Writes}"}

@inproceedings{OpenSSD,
	Author = {Mohit Saxena and Yiying Zhang and Michael M. Swift and Andrea C. Arpaci-Dusseau and Remzi H. Arpaci-Dusseau},
	Crossref = {FAST13},
    Title = "{Getting Real: Lessons in Transitioning Research Simulations into Hardware Systems}"}


@inproceedings{Macko+10-BackRefs,
    Author = {Peter Macko and Margo Seltzer and Keith A. Smith},
    Crossref = {FAST10},
    Title = "{Tracking Back References in a Write-Anywhere File System}"
    }

@InProceedings{DFS,
    title = "{DFS: A File System for Virtualized Flash Storage}",
    author = "William K. Josephson and Lars A. Bongo and Kai Li and David Flynn",
  booktitle = "Proceedings of the 8th USENIX Symposium on File and Storage Technologies (FAST '10)",
  address = "San Jose, California",
  month = feb,
  year = {2010},
    }

@InCollection{Spinellis07-Indirection,
  author = 	 "Diomidis Spinellis",
  title = 	 "{Another Level of Indirection}",
  booktitle = 	 "Beautiful Code: Leading Programmers Explain How They Think",
  pages = 	 {279--291},
  publisher =    {O'Reilly and Associates},
  year = 	 {2007},
  editor = 	 {Andy Oram and Greg Wilson},
  chapter = 	 {17},
}

@InProceedings{Arpaci-Dusseau11-HotStorage,
           title = "{Removing the Costs of Indirection in Flash-based SSDs with Nameless Writes}",
          author = "{Andrea C. Arpaci-Dusseau, Remzi H. Arpaci-Dusseau, and Vijayan Prabhakaran}",
        crossref = "HOTSTOR10",
}

@Misc{Filebench,
  title = "{Solaris Internals: FileBench}",
  author = "{Sun Microsystems}",
  note = {\url{http://www.solarisinternals.com/wiki/index.php/FileBench}},
}

@Misc{BadSector,
  title = "{Bad Sector Remapping}",
  author = "{MjM Data Recovery Ltd.}",
  note = {\url{http://www.ukdatarecovery.com/articles/bad-sector-remapping.html}},
}

@article{Lee07-FAST,
 author = "Sang-Won Lee and Dong-Joo Park and Tae-Sun Chung and Dong-Ho Lee and Sangwon Park and Ha-Joo Song",
 title = "{A Log Buffer-Based Flash Translation Layer Using Fully-Associative Sector Translation}",
 journal = {IEEE Transactions on Embedded Computing Systems},
 volume = {6},
 issue = {3},
 year = {2007},
} 

@article{Lim10-FASTER,
 author = "Sang-Phil Lim and Sang-Won Lee and Bongki Moon",
 title = "{FASTer FTL for Enterprise-Class Flash Memory SSDs}",
 booktitle = {Proceedings of the 6th IEEE International Workshop on Storage Network Architecture and Parallel I/Os (SNAPI '10)},
  address = "Lake Tahoe, Nevada",
  month = may,
 year = {2010},
} 

@article{Lee08-LAST,
 author = {Lee, Sungjin and Shin, Dongkun and Kim, Young-Jin and Kim, Jihong},
 title = "{LAST: Locality-Aware Sector Translation for NAND Flash Memory-Based Storage Systems}",
 journal = {In Proceedings of the International Workshop on
 Storage and I/O Virtualization, Performance, Energy, Evaluation
 and Dependability (SPEED2008)},
 month = feb,
 year = {2008},
} 

@inproceedings{Chung06-BAST,
  author    = {Tae-Sun Chung and
               Dong-Joo Park and
               Sangwon Park and
               Dong-Ho Lee and
               Sang-Won Lee and
               Ha-Joo Song},
  title     = "{System Software for Flash Memory: A Survey}",
  booktitle = {Proceedings of thei 5th International Conference on Embedded and Ubiquitous Computing (EUC '06)},
  month = aug,
  year      = {2006},
  pages     = {394-404},
}

@inproceedings{Kang06-Superblock,
 author = "Kang, Jeong-Uk and Jo, Heeseung and Kim, Jin-Soo and Lee, Joonwon",
 title = "{A Superblock-Based Flash Translation Layer for NAND Flash Memory}",
 booktitle = "Proceedings of the 6th ACM \& IEEE International conference on Embedded software (EMSOFT '08)",
 month = aug,
 year = "2006",
 address = "Seoul, Korea",
} 

@inproceedings{Kawaguchi95-TCON,
 author = "Kawaguchi, Atsuo and Nishioka, Shingo and Motoda, Hiroshi",
 title = "{A Flash-Memory Based File System}",
 booktitle = {Proceedings of the USENIX 1995 Winter Technical Conference},
 month = jan,
 year = {1995},
 address = {New Orleans, Louisiana},
} 

@inproceedings{Jung07-WearLevel,
 author = "Jung, Dawoon and Chae, Yoon-Hee and Jo, Heeseung and Kim, Jin-Soo and Lee, Joonwon",
 title = "{A Group-based Wear-Leveling Algorithm for Large-Capacity Flash Memory Storage Systems}",
 booktitle = {Proceedings of the 2007 international conference on Compilers, architecture, and synthesis for embedded systems (CASES '07)},
 month = oct,
 year = {2007},
 location = {Salzburg, Austria},
} 

@article{Gal05-FlashSurvey,
 author = "Gal, Eran and Toledo, Sivan",
 title = "{Algorithms and Data Structures for Flash Memories}",
 journal = {ACM Computing Surveys},
 volume = {37},
 issue = {2},
 month = {June},
 year = {2005},
 pages = {138--163},
 publisher = {ACM},
 address = {New York, NY, USA},
} 

@MISC{JFFS2,
    author = {Woodhouse, David},
    title = "{JFFS2: The Journalling Flash File System, Version 2}",
    note = {\url{http://sources.redhat.com/jffs2/jffs2}},
    year = {2003}
}

@MISC{PSUOOFlashsim,
    author = "{B. Tauras, Y. Kim, and A. Gupta}",
    title = "{PSU Objected-Oriented Flash based SSD simulator}",
    howpublished = "{http://csl.cse.psu.edu/?q=node/321}",
}

@MISC{IntelX25M,
    author = "{Intel Corporation}",
    title = "{Intel X25-M Mainstream SATA Solid-State Drives}",
    note = {\url{ftp://download.intel.com/design/flash/NAND/mainstream/mainstream-sata-ssd-datasheet.pdf}},
}

@MISC{IntelX25V,
    author = "{Intel Corporation}",
    title = "{Intel X25-M Value SATA Solid-State Drives}",
    howpublished = "{http://download.intel.com/pressroom/pdf/Intel\_X25-V\_SSD\_Datasheet.pdf}",
}

@inproceedings{PSU-Flashsim,
	Author = {Youngjae Kim and Brendan Tauras and Aayush Gupta and Dragos Mihai Nistor and Bhuvan Urgaonkar},
  booktitle = "Proceedings of the 1st International Conference on Advances in System Simulation (SIMUL '09)",
  address = "Porto, Portugal",
  month = "September",
  year = {2009},
	Title = "{FlashSim: A Simulator for NAND Flash-based Solid-State Drives}"
}

@inproceedings{Lee-ssdsim,
	Author = {Jongmin Lee and Eujoon Byun and Hanmook Park and Jongmoo Choi and Donghee Lee and Sam H. Noh},
  booktitle = "Proceedings of the Annual ACM Symposium on Applied Computing (SAC '09)",
  address = "Honolulu, Hawaii",
  month = "March",
  year = {2009},
	Title = "{CPS-SIM: Configurable and Accurate Clock Precision Solid State Drive Simulator}"
}

@inproceedings{narayanan2008write,
	Author = {Dushyanth Narayanan and Austin Donnelly and Antony Rowstron},
  booktitle = "Proceedings of the 6th USENIX Symposium on File and Storage Technologies (FAST '08)",
  address = "San Jose, California",
  month = "February",
  year = {2008},
	Title = "{Write Off-Loading: Practical Power Management for Enterprise Storage}"
}

@inproceedings{lentini2012mercury,
	Author = {Steve Byan and James Lentini and Anshul Madan and Luis Pabon and Michael Condict and Jeff Kimmel and Steve Kleiman and Christopher Small and Mark W. Storer},
	Booktitle = {Proceedings of the 2012 IEEE Symposium on Mass Storage Systems and Technologies (MSST '12)},
	Month = "April",
	Title = "{Mercury: Host-side Flash Caching for the Data Center}",
	Year = {2012}}

@article{fitzpatrick2004distributed,
	Author = {Brad Fitzpatrick},
	Journal = {Linux Journal},
	Month = "August",
	Number = {124},
	Title = "{Distributed Caching with Memcached}",
	Volume = {2004},
    Pages = {5},
	Year = {2004}}



@Misc{memtier, 
  author = {{Redis Labs}},
  title = "{Memtier Benchmark}",
  howpublished ="\url{https://github.com/RedisLabs/memtier_benchmark}" ,
}



@Misc{UMassTrace, 
  author = {{University of Massachusetts}},
  title = "{Trace Repository}",
  howpublished = {http://traces.cs.umass.edu/index.php/Storage/Storage} ,
  year = 2009,
}

@Misc{Holographic99,
  author = "{Alcatel-Lucent}",
  title = "{Lucent, Imation Developing Bell Labs Holographic Storage Technology}",
  howpublished = "http://www.bell-labs.com/news/1999/august/11/1.html",
  year = 1999,
}

@Misc{AmazonS3-SSD,
  author = "{Jeff Barr}",
  title = "{New High I/O EC2 Instance Type - hi1.4xlarge - 2 TB of SSD-Backed Storage}",
  howpublished = "http://aws.typepad.com/aws/2012/07/new-high-io-ec2-instance-type-hi14xlarge.html",
  year = 2012,
}

@Misc{Wired-SSD,
  author = "{Cade Metz}",
  title = "{Flash Drives Replace Disks at Amazon, Facebook, Dropbox}",
  howpublished = "htpp://www.wired.com/wiredenterprise/2012/06/flash-data-centers/all/",
  year = 2012,
}

@Misc{IntelX25MPrice,
  title = "{Intel X25-M 80 GB Mainstream SATA II MLC 2.5-Inch Solid State Drive OEM}",
  howpublished = "htpp://www.amazon.com/gp/product/B003F8KT1O",
}

@inproceedings{DiffRAID,
 author = "{Mahesh Balakrishnan, Asim Kadav, Vijayan Prabhakaran, and Dahlia Malkhi}",
 title = "{Differential RAID: Rethinking RAID for SSD Reliability}",
 crossref = {EUROSYS10},
 }

@InProceedings{Mir11,
           title = "{A Fast Age Distribution Convergence Mechanism in an SSD Array for Highly Reliable Flash-based Storage Systems}",
          author = "Irfan F. Mir and Alistair A. McEwan",
       booktitle = "Proceedings of the 3rd International Conference on Communication Software and Networks (ICCSN '11)",
        address = "Xi'an, China",
           month = may,
            year = "2011",
}

@InProceedings{IntelBER08,
  author = "{N. Mielke, T. Marquart, N. Wu, J. Kessenich, H. Belgal, E. Schares, and F. Trivedi}",
  title =  {Bit error rate in nand flash memories},
  booktitle = "{Proceedings of the 46th IEEE International Reliability Physics Symposium (IRPS '08)}",
  address   = "Phoenix, Arizona",
  month     = apr,
  year = {2008}
}

@InProceedings{PrabhakaranEtAl05-SOSP,
           title = "{IRON File Systems}",
          author = "Vijayan Prabhakaran and Lakshmi N. Bairavasundaram and Nitin Agrawal and Haryadi S. Gunawi and Andrea C. Arpaci-Dusseau and Remzi H. Arpaci-Dusseau",
  booktitle  = {Proceedings of the 20th ACM Symposium on Operating Systems Principles (SOSP '05)},
  month      = "October",
  year       = "2005",
  address    = "Brighton, United Kingdom",
}


@InProceedings{Modelli04,
  author = "{A. Modelli and A. Visconti and R. Bez}",
  title = {Advanced Flash Memory Reliability},
  booktitle = "{Proceedings of the IEEE International Conference on Integrated Circuit Design and Technology (ICICDT '04)}",
  address   = "Austin, Texas",
  month     = "May",
  year = {2004}
}

@InProceedings{Hybrid10,
  author = "{Gokul Soundararajan and Vijayan Prabhakaran and Mahesh Balakrishnan and Ted Wobber}",
  title = {Griffin: Extending SSD Lifetimes with Disk-Based Write Caches},
  booktitle = "Proceedings of the 8th USENIX Symposium on File and Storage Technologies (FAST '10)",
  address = "San Jose, California",
  month = "February",
  year = {2010},
}

@InProceedings{Lu13-OFTL,
  author = "{Youyou Lu and Jiwu Shu and Weimin Zheng}",
  title = {Extending the Lifetime of Flash-based Storage through Reducing Write Amplification from File Systems},
  booktitle = "Proceedings of the 10th USENIX Symposium on File and Storage Technologies (FAST '12)",
  address = "San Jose, California",
  month = "February",
  year = {2013},
}

@inproceedings{Pinkerton14-Talk,
  author = "{James Pinkerton}",
  title = "{The Future of Computing: The Convergence of Memory and Storage through Non-Volatile Memory (NVM)}",
    series = {Storage Industry Summit},
    month        = "Jan",
    year = {2014},
    address = {San Jose, California},
}

@inproceedings{kang11-msst,
    author       = {Yangwook Kang and Jingpei Yang and Ethan L. Miller},
    title        = {Object-based SCM: An Efficient Interface for Storage Class Memories},
    booktitle = {Proceedings of the 27th IEEE Conference on Mass Storage Systems and Technologies (MSST 2011)},
    month        = "May",
    year         = {2011},
}

@inproceedings{kang10-mascots,
    author       = {Yangwook Kang and Jingpei Yang and Ethan L. Miller},
    title        = {Efficient Storage Management for Object-based Flash Memory},
    booktitle = {Proceedings of the 18th Annual Meeting of the IEEE International Symposium on Modeling, Analysis and Simulation of Computer and Telecommunication Systems (MASCOTS 2010)},
    month        = "August",
    year         = {2010},
}

@inproceedings{Bailey10-OSImpl,
    author = {Katelin Bailey and Luis Ceze and Steven D. Gribble and Henry M. Levy},
    title = "{Operating System Implications of Fast, Cheap, Non-volatile Memory}",
    booktitle = {Proceedings of the 13th USENIX Conference on Hot Topics in Operating Systemsi (HotOS '13)},
    month        = may,
    year = {2011},
    address = {Napa, California},
}

@InProceedings{Zhang12-Nameless,
  author = "{Yiying Zhang and Leo Prasath Arulraj and Andrea C. Arpaci-Dusseau and Remzi H. Arpaci-Dusseau}",
  title = {De-indirection for Flash-based SSDs with Nameless Writes},
  booktitle = "Proceedings of the 10th USENIX Symposium on File and Storage Technologies (FAST '12)",
  address = "San Jose, California",
  month = "February",
  year = {2012},
}

@InProceedings{Zhang13-WaM,
  author = "{Yiying Zhang and Andrea C. Arpaci-Dusseau and Remzi H. Arpaci-Dusseau}",
  title = {Warped Mirrors for Flash},
  booktitle = "Proceedings of the 29th IEEE Conference on Massive Data Storage (MSST '13)",
  address = "Long Beach, California",
  month = "May",
  year = {2013},
}

@inproceedings{Leners11-SOSP,
    author = {Leners, Joshua B. and Wu, Hao and Hung, Wei-Lun and Aguilera, Marcos K. and Walfish, Michael},
    title = "{Detecting Failures in Distributed Systems with the Falcon Spy Network}",
  booktitle  = {Proceedings of the 23rd ACM Symposium on Operating Systems Principles (SOSP '11)},
  month      = oct,
  year       = "2011",
  address    = "Cascais, Portugal",
}

@inproceedings{vanRenesse04-OSDI,
    author = {van Renesse, Robbert and Schneider, Fred B.},
    title = {Chain Replication for Supporting High Throughput and Availability},
  booktitle = "Proceedings of the 6th Symposium on Operating Systems Design and Implementation (OSDI '04)",
  month = dec,
  year = "2004", 
  address = "San Francisco, California",
}

@Misc{EMC-VNXe,
  author = "{EMC Corporation}",
  title = "{EMC VNXe High Availability}",
  howpublished = "\url{https://www.emc.com/collateral/hardware/white-papers/h8276-emc-vnxe-high-availability-wp.pdf}",
}

@Misc{VMware-HA,
  author = "{VMWare Inc.}",
  title = "{VMware High Availability}",
  howpublished = "\url{http://www.vmware.com/files/pdf/VMware-High-Availability-DS-EN.pdf}",
}

@Misc{NetAPPHA,
  author = "{NetApp Inc.}",
  title = "{NetApp SnapMirror Data Replication}",
  howpublished = "\url{http://www.netapp.com/us/products/protection-software/snapmirror.aspx}",
}

@Misc{HPOS,
  author = "{Hewlett Packard}",
  title = "{HP NonStop operating system}",
  howpublished = {\url{http://h17007.www1.hp.com/us/en/enterprise/servers/integrity/nonstop/nonstop-os.aspx}},
}


@Misc{VMware-FS,
  title = "{Virtual Machine File System (VMFS)}",
  howpublished = {\url{http://www.vmware.com/products/vsphere/features-vmfs}},
}

@inproceedings{Dulloor14-EuroSys,
 author = {Dulloor, Subramanya R. and Kumar, Sanjay and Keshavamurthy, Anil and Lantz, Philip and Reddy, Dheeraj and Sankaran, Rajesh and Jackson, Jeff},
 title = {System Software for Persistent Memory},
  booktitle = "Proceedings of the EuroSys Conference (EuroSys '14)",
  address   = "Amsterdam, The Netherlands",
  month     = apr,
  year      = {2014},
} 


@TechReport{rds,
  title={Delivering Application Performance with Oracle's InfiniBand Technology},
  institution={Oracle Corp.},
  year={2012},
}

@Misc{MongoDB,
	author = "{MongoDB Inc.}",
  title = "{MongoDB}",
  howpublished = {\url{http://www.mongodb.org/}},
}

@Misc{OpenReplica,
  title = "{OpenReplica}",
  howpublished = {{http://openreplica.org/}},
}

@inproceedings{Chowdhury13-Sinbad,
 author = {Chowdhury, Mosharaf and Kandula, Srikanth and Stoica, Ion},
 title = {Leveraging Endpoint Flexibility in Data-intensive Clusters},
 booktitle = {Proceedings of the ACM SIGCOMM 2013 Conference on SIGCOMM (SIGCOMM '13)},
 year = {2013},
 month = aug,
 address = {Hong Kong, China},
} 

@inproceedings{Qureshi09-MICRO,
  author = {Qureshi, Moinuddin K. and Karidis, John and Franceschini, Michele and Srinivasan, Vijayalakshmi and Lastras, Luis and Abali, Bulent},
  title = {Enhancing Lifetime and Security of PCM-based Main Memory with Start-gap Wear Leveling},
  booktitle = {Proceedings of the 42Nd Annual IEEE/ACM International Symposium on Microarchitecture (MICRO '09)},
  year = {2009},
	month = dec,
  address = {New York, New York},
} 

@inproceedings{Cooper10-CloudCom,
  author = {Cooper, Brian F. and Silberstein, Adam and Tam, Erwin and Ramakrishnan, Raghu and Sears, Russell},
  title = "{Benchmarking Cloud Serving Systems with YCSB}",
  booktitle = {Proceedings of the 1st ACM Symposium on Cloud Computing (SoCC '10)},
month = jun,
  year = {2010},
  address = {New York, New York},
}

@Inproceedings{Xiaojian11-SC, 
  author={Xiaojian Wu and Reddy, A.L.N.}, 
  booktitle={International Conference for High Performance Computing, Networking, Storage and Analysis (SC '11)}, 
  title={SCMFS: A File System for Storage Class Memory}, 
  year={2011}, 
  month={Nov}, 
}

@inproceedings{Volos11-ASPLOS,
  author = {Volos, Haris and Tack, Andres Jaan and Swift, Michael M.},
  title = {Mnemosyne: Lightweight Persistent Memory},
  booktitle = {Proceedings of the Sixteenth International Conference on Architectural Support for Programming Languages and Operating Systems (ASPLOS '11)},
  year = {2011},
  month = mar,
  address = {New York, New York},
}

@inproceedings{Coburn11-ASPLOS,
  author = {Coburn, Joel and Caulfield, Adrian M. and Akel, Ameen and Grupp, Laura M. and Gupta, Rajesh K. and Jhala, Ranjit and Swanson, Steven},
  title = "{NV-Heaps: Making Persistent Objects Fast and Safe with Next-generation, Non-volatile Memories}",
  booktitle = {Proceedings of the 16th International Conference on Architectural Support for Programming Languages and Operating Systems (ASPLOS '11)},
  year = {2011},
  month = mar,
  address = {New York, New York},
} 

@inproceedings{Zhong08-Replication,
 author = {Zhong, Ming and Shen, Kai and Seiferas, Joel},
 title = {Replication Degree Customization for High Availability},
  booktitle = "Proceedings of the EuroSys Conference (EuroSys '08)",
  address   = "Glasgow, Scotland UK",
  month     = mar,
  year      = {2008},
} 

@inproceedings{park2013failure,
  title={Failure-atomic msync (): a simple and efficient mechanism for preserving the integrity of durable data},
  author={Park, Stan and Kelly, Terence and Shen, Kai},
  booktitle = "Proceedings of the EuroSys Conference (EuroSys '13)",
  address   = "Prague, Czech Republic",
  month     = apr,
  year      = {2013},
}

@inproceedings{moraruconsistent,
  title="{Consistent, Durable, and Safe Memory Management for Byte-addressable Non Volatile Main Memory}",
  author={Moraru, Iulian and Andersen, David G and Kaminsky, Michael and Tolia, Niraj and Ranganathan, Parthasarathy and Binkert, Nathan},
  booktitle = {Conference on Timely Results in Operating Systems (TRIOS '13)},
  address = {Farmington, Pennsylvania},
  month = nov,
  year = {2013},
}

@inproceedings{qureshi2010morphable,
  title={Morphable memory system: a robust architecture for exploiting multi-level phase change memories},
  author={Qureshi, Moinuddin K and Franceschini, Michele M and Lastras-Monta{\~n}o, Luis A and Karidis, John P},
  booktitle = "Proceedings of the 37th Annual International Symposium on
      Computer Architecture (ISCA '07)",
  year = {2010},
  month = Jun,
 }


@inproceedings{caulfield2010understanding,
      title={Understanding the impact of emerging non-volatile memories on high-performance, io-intensive computing},
      author={Caulfield, Adrian M and Coburn, Joel and Mollov, Todor and De, Arup and Akel, Ameen and He, Jiahua and Jagatheesan, Arun and Gupta, Rajesh K and Snavely, Allan and Swanson, Steven},
      booktitle={Proceedings of the 2010 ACM/IEEE International Conference for High Performance Computing, Networking, Storage and Analysis},
      pages={1--11},
      year={2010},
      organization={IEEE Computer Society}
}

@article{yang2013memristive,
  title={Memristive devices for computing},
  author={Yang, J Joshua and Strukov, Dmitri B and Stewart, Duncan R},
  journal={Nature nanotechnology},
  volume={8},
  number={1},
  pages={13--24},
  year={2013},
}

@article{lee2011fast,
  title="{A Fast, High-Endurance and Scalable Non-Volatile Memory Device Made from Asymmetric Ta2O(5-x)/TaO(2-x) Bilayer Structures}",
  author={Lee, Myoung-Jae and Lee, Chang Bum and Lee, Dongsoo and Lee, Seung Ryul and Chang, Man and Hur, Ji Hyun and Kim, Young-Bae and Kim, Chang-Jung and Seo, David H and Seo, Sunae and others},
  journal={Nature materials},
  volume={10},
  number={8},
  pages={625--630},
  year={2011},
}

@article{tulapurkar2005spin,
  title="{Spin-Torque Diode Effect in Magnetic Tunnel Junctions}",
  author={Tulapurkar, AA and Suzuki, Y and Fukushima, A and Kubota, H and Maehara, H and Tsunekawa, K and Djayaprawira, DD and Watanabe, N and Yuasa, S},
  journal={Nature},
  volume={438},
  number={7066},
  pages={339--342},
  year={2005},
}

@article{ralph2008spin,
  title="{Spin Transfer Torques}",
  author={Ralph, DC and Stiles, Mark D},
  journal={Journal of Magnetism and Magnetic Materials},
  volume={320},
  number={7},
  pages={1190--1216},
  year={2008},
}

@inproceedings{Ramos11-hybridmemory,
 author = {Ramos, Luiz E. and Gorbatov, Eugene and Bianchini, Ricardo},
 title = "{Page Placement in Hybrid Memory Systems}",
 booktitle = {Proceedings of the International Conference on Supercomputing (ICS '11)},
 year = {2011},
 isbn = {978-1-4503-0102-2},
 address = {Tucson, Arizona},
} 

@inproceedings{hosomi2005novel,
  title="{A Novel Nonvolatile Memory with Spin Torque Transfer Magnetization Switching: Spin-RAM}",
  author={Hosomi, M and Yamagishi, H and Yamamoto, T and Bessho, K and Higo, Y and Yamane, K and Yamada, H and Shoji, M and Hachino, H and Fukumoto, C and others},
  booktitle={Electron Devices Meeting, 2005. IEDM Technical Digest. IEEE International},
  pages={459--462},
  year={2005},
}

@inproceedings{Qureshi09-pcmm,
 author = {Qureshi, Moinuddin K. and Srinivasan, Vijayalakshmi and Rivers, Jude A.},
 title = "{Scalable High Performance Main Memory System Using Phase-change Memory Technology}",
 booktitle = {Proceedings of the 36th Annual International Symposium on Computer Architecture (ISCA '09)},
 year = {2009},
 month = jun,
 address = {Austin, Texas},
} 
 
@article{Lee10-pcmquest,
 author = {Lee, Benjamin C. and Ipek, Engin and Mutlu, Onur and Burger, Doug},
 title = "{Phase Change Memory Architecture and the Quest for Scalability}",
 journal = {Commun. ACM},
 volume = {53},
 number = {7},
 year = {2010},
 pages = {99--106},
} 



@INPROCEEDINGS{Weatherspoon02erasurecoding,
    author = {Hakim Weatherspoon and John D. Kubiatowicz},
    title = {Erasure Coding vs. Replication: A Quantitative Comparison},
    booktitle = {In Proceedings of the First International Workshop on Peer-to-Peer Systems (IPTPS'02)},
    year = {2002},
    month = mar,
  address   = "Cambridge, Massachusetts",
}

@inproceedings{Rhea03-Pond,
 author = {Rhea, Sean and Eaton, Patrick and Geels, Dennis and Weatherspoon, Hakim and Zhao, Ben and Kubiatowicz, John},
 title = {Pond: The OceanStore Prototype},
  booktitle = "Proceedings of the 2nd USENIX Symposium on File and Storage Technologies (FAST '03)",
  address = "San Francisco, California",
  month = apr,
  year = {2003},
} 

@inproceedings{Chun06-Replica,
 author = {Chun, Byung-Gon and Dabek, Frank and Haeberlen, Andreas and Sit, Emil and Weatherspoon, Hakim and Kaashoek, M. Frans and Kubiatowicz, John and Morris, Robert},
 title = {Efficient Replica Maintenance for Distributed Storage Systems},
  booktitle = "Proceedings of the 3rd USENIX Symposium on Networked Systems Design and Implementation (NSDI '06)",
  address   = "San Jose, California",
  month     = may,
  year      = "2006",
} 

@inproceedings{MemcacheFB,
author = {Rajesh Nishtala and Hans Fugal and Steven Grimm and Marc Kwiatkowski and Herman Lee and Harry C. Li and Ryan McElroy and Mike Paleczny and Daniel Peek and Paul Saab and David Stafford and Tony Tung and Venkateshwaran Venkataramani},
title = "{Scaling Memcache at Facebook}",
booktitle = {In Proceedings of the 10th USENIX Symposium on Networked Systems Design and Implementation (NSDI '13)},
year = {2013},
address = {Lombard, IL},
  month     = apr,
}

@inproceedings{Chun:2009:TFT:1525908.1525928,
 author = {Chun, Byung-Gon and Maniatis, Petros and Shenker, Scott and Kubiatowicz, John},
 title = {Tiered Fault Tolerance for Long-term Integrity},
 booktitle = {Proccedings of the 7th Conference on File and Storage Technologies},
  booktitle = "Proceedings of the 7th USENIX Symposium on File and Storage Technologies (FAST '09)",
  address = "San Francisco, California",
  month = feb,
  year = {2009},
} 

@inproceedings{Spence05-Location,
 author = {Spence, David and Crowcroft, Jon and Hand, Steven and Harris, Tim},
 title = {Location Based Placement of Whole Distributed Systems},
 booktitle = {Proceedings of the 2005 ACM Conference on Emerging Network Experiment and Technology (CoNEXT '05)},
 year = {2005},
 month = oct,
 address = {Toulouse, France},
} 


@inproceedings{Ipek10-replicatepcm,
 author = {Ipek, Engin and Condit, Jeremy and Nightingale, Edmund B. and Burger, Doug and Moscibroda, Thomas},
 title = "{Dynamically Replicated Memory: Building Reliable Systems from Nanoscale Resistive Memories}",
  booktitle = "Proceedings of the 14th International Conference on Architectural Support for Programming Languages and Operating Systems (ASPLOS XIV)",
  address = "Pittsburgh, Pennsylvania",
  month = mar,
  year = {2010},
} 

@inproceedings{Kang03-Hash,
 author = {Kang, Brent ByungHoon and Wilensky, Robert and Kubiatowicz, John},
 title = {The Hash History Approach for Reconciling Mutual Inconsistency},
 booktitle = {Proceedings of the 23rd International Conference on Distributed Computing Systems (ICDCS '03)},
 year = {2003},
 month = may,
 address = {Providence, Rhode Island},
} 

@article{lee2010phase,
  title={Phase-change Technology and the Future of Main Memory},
  author={Lee, Benjamin C and Zhou, Ping and Yang, Jun and Zhang, Youtao and Zhao, Bo and Ipek, Engin and Mutlu, Onur and Burger, Doug},
  journal={IEEE micro},
  volume={30},
  number={1},
  pages={143},
  year={2010}
}

@inproceedings{lee2009architecting,
 author = {Lee, Benjamin C. and Ipek, Engin and Mutlu, Onur and Burger, Doug},
 title = {Architecting Phase Change Memory As a Scalable Dram Alternative},
 booktitle = {Proceedings of the 36th Annual International Symposium on Computer Architecture (ISCA '09)},
 year = {2009},
 month = jun,
 address = {Austin, Texas},
} 


@inproceedings{Zhou09-durablepcm,
 author = {Zhou, Ping and Zhao, Bo and Yang, Jun and Zhang, Youtao},
 title = {A Durable and Energy Efficient Main Memory Using Phase Change Memory Technology},
 booktitle = {Proceedings of the 36th Annual International Symposium on Computer Architecture (ISCA '09)},
 year = {2009},
 month = jun,
 address = {Austin, Texas},
} 

@inproceedings{Kannan14-endusernvm,
  author    = {Sudarsun Kannan and
               Ada Gavrilovska and
               Karsten Schwan},
  title     = {Reducing the Cost of Persistence for Nonvolatile Heaps in End User
               Devices},
  booktitle = {Proceedings of the 20th {IEEE} International Symposium on High Performance Computer Architecture (HPCA '14)},
  year      = {2014},
  month = feb,
  address = {Orlando, Florida},
}

@INPROCEEDINGS{Shiga09-FeRAM,
author={Shiga, H. and Takashima, D. and Shiratake, S. and Hoya, K. and Miyakawa, T. and Ogiwara, R. and Fukuda, R. and Takizawa, R. and Hatsuda, K. and Matsuoka, F. and Nagadomi, Yasushi and Hashimoto, D. and Nishimura, H. and Hioka, T. and Doumae, S. and Shimizu, S. and Kawano, M. and Taguchi, T. and Watanabe, Y. and Fujii, S. and Ozaki, Tohru and Kanaya, H. and Kumura, Y. and Shimojo, Y. and Yamada, Y. and Minami, Y. and Shuto, S. and Yamakawa, K. and Yamazaki, S. and Kunishima, I and Hamamoto, T. and Nitayama, A and Furuyama, T.},
 booktitle = {{IEEE} International Solid-State Circuits Conference, (ISSCC '09)},
booktitle={Solid-State Circuits Conference - Digest of Technical Papers, 2009. ISSCC 2009. IEEE International},
title="{A 1.6GB/s DDR2 128Mb Chain FeRAM with Scalable Octal Bitline and Sensing Schemes}",
address = {San Francisco, California},
year={2009},
month=feb,
}

@INPROCEEDINGS{Takemura09-MRAM,
author={Takemura, R. and Kawahara, T. and Miura, K. and Yamamoto, H. and Hayakawa, J. and Matsuzaki, N. and Ono, K. and Yamanouchi, M. and Ito, K. and Takahashi, H. and Ikeda, S. and Hasegawa, H. and Matsuoka, H. and Ohno, H.},
booktitle={2009 Symposium on VLSI Circuits (VLSI '09)},
title={32-Mb 2T1R SPRAM with Localized Bi-Directional Write Driver and `1'/`0' Dual-Array Equalized Reference Cell},
year={2009},
month=jun,
address = {Kyoto, Japan},
}

@inproceedings{Chen14-PMBD,
author={Feng Chen and Michael P. Mesnier and Scott Hahn},
	Booktitle = {Proceedings of the 2014 IEEE Symposium on Mass Storage Systems and Technologies (MSST '14)},
title="{A Protected Block Eevice for Persistent Memory}",
address = {Santa Clara, California},
year={2014},
month=jun,
}

@misc{Crossbar-rram,
  title="{Crossbar Resistive Memory: The Future Technology for NAND Flash}",
  author={Hagop Nazarian},
  howpublished="{http://www.crossbar-inc.com/assets/img/media/Crossbar-RRAM-Technology-Whitepaper-080413.pdf}",
}

@misc{Numonyx09-PCM,
  title="{Phase Change Memory}",
  author="{Numonyx Inc.}",
  howpublished="\url{http://www.pdl.cmu.edu/SDI/2009/slides/Numonyx.pdf}",
}

@misc{johnson2004phase,
  title="{Phase Change Memory}",
  author={Johnson, Brian G and Dennison, Charles H},
  year={2004},
  month=sep,
  note={US Patent 6,791,102}
}

@misc{apache,
	author = "{The Apache Software Foundation}",
   title={The Apache HTTP Server Project},
   howpublished="\url{http://httpd.apache.org}"
}

@misc{intel-mlc,
	author = "{Intel Corp.}",
   title="{Intel Memory Latency Checker}",
   howpublished="\url{https://software.intel.com/en-us/articles/intelr-memory-latency-checker}"
}

@misc{pcmdatasheet,
	author = "{Micron Technology Inc.}",
   title="{P8P Parallel Phase Change Memory (PCM)}",
   howpublished="\url{http://www.micron.com/~/media/Documents/Products/Data\%20Sheet/PCM/p8p\_parallel\_pcm\_ds.pdf}"
}

@misc{ibverbs,
	author = "{Mellanox Technologies}",
   title={RDMA Aware Networks Programming User Manual},
   howpublished="\url{http://www.mellanox.com/related-docs/prod\_software/RDMA\_Aware\_Programming\_user\_manual.pdf}"
}

@inproceedings{Alsberg76-Resilient,
 author = {Alsberg, Peter A. and Day, John D.},
 title = {A Principle for Resilient Sharing of Distributed Resources},
 booktitle = {Proceedings of the 2nd International Conference on Software Engineering (ICSE '76)},
 year = {1976},
 month = oct,
  address = "San Francisco, California",
} 


@inproceedings{zookeeper,
  title={ZooKeeper: Wait-free coordination for Internet-scale systems},
  author={Patrick Hunt and Mahadev Konar and Flavio P. Junqueira and Benjamin Reed},
  booktitle = {Proceedings of the USENIX Annual Technical Conference (USENIX '10)},
  month = "June",
  year = "2010",
  address = "Boston, Massachusetts",
}

@article{paxos,
    author = "Leslie Lamport",
    title = {{Paxos Made Simple}},
    journal = {ACM SIGACT News},
   volume={32},
   number={4},
   pages={18--25},
    year = 2001,
    month = nov,
}
@misc{pcmdataasheet,
	author = "{Micron Technology Inc.}",
   title={P8P Parallel Phase Change Memory (PCM)},
   howpublished="\url{http://www.micron.com/~/media/Documents/Products/Data\%20Sheet/PCM/p8p\_parallel\_pcm\_ds.pdf}"
}

@misc{ibverbs,
	author = "{Mellanox Technologies}",
   title={RDMA Aware Networks Programming User Manual},
   howpublished="\url{http://www.mellanox.com/related-docs/prod\_software/RDMA\_Aware\_Programming\_user\_manual.pdf}"
}

@inproceedings{Alsberg76-Resilient,
 author = {Alsberg, Peter A. and Day, John D.},
 title = {A Principle for Resilient Sharing of Distributed Resources},
 booktitle = {Proceedings of the 2nd International Conference on Software Engineering (ICSE '76)},
 year = {1976},
 month = oct,
  address = "San Francisco, California",
} 


@inproceedings{zookeeper,
  title={ZooKeeper: Wait-free coordination for Internet-scale systems},
  author={Patrick Hunt and Mahadev Konar and Flavio P. Junqueira and Benjamin Reed},
  booktitle = {Proceedings of the USENIX Annual Technical Conference (USENIX '10)},
  month = "June",
  year = "2010",
  address = "Boston, Massachusetts",
}

@article{paxos,
    author = "Leslie Lamport",
    title = {{Paxos Made Simple}},
    journal = {ACM SIGACT News},
   volume={32},
   number={4},
   pages={18--25},
    year = 2001,
    month = nov,
}

@inproceedings{Zhang15-Mojim,
  author = {Yiying Zhang and Jian Yang and Amirsaman Memaripour and Steven Swanson},
  title = "{Mojim: A Reliable and Highly-Available Non-Volatile Memory System}", 
  booktitle = {Proceedings of the 20th International Conference on Architectural Support for Programming Languages and Operating Systems (ASPLOS '15)},
  year = {2015},
  month = mar,
  address = {Istanbul, Turkey},
}

@InProceedings{Zhang15-FSDV,
  author = "{Yiying Zhang and Andrea C. Arpaci-Dusseau and Remzi H. Arpaci-Dusseau}",
  title = "{Removing the Costs and Retaining the Benefits of Flash-Based SSD Virtualization with FSDV}",
  booktitle = "Proceedings of the 31st IEEE Conference on Massive Data Storage (MSST '15)",
  address = "Santa Clara, California",
  month = "June",
  year = {2015},
}

@InProceedings{Zhang15-NVMMStudy,
  author = "{Yiying Zhang and Steven Swanson}",
  title = "{A Study of Application Performance with Non-Volatile Main Memory}",
  booktitle = "Proceedings of the 31st IEEE Conference on Massive Data Storage (MSST '15)",
  address = "Santa Clara, California",
  month = "June",
  year = {2015},
}

@inproceedings{Zhang13-Bonfire,
	Author = {Yiying Zhang and Gokul Soundararajan and Mark W. Storer and Lakshmi N. Bairavasundaram and Andrea C. Arpaci-Dusseau and Remzi H. Arpaci-Dusseau},
  booktitle = "Proceedings of the 11th USENIX Symposium on File and Storage Technologies (FAST '13)",
  address = "San Jose, California",
  month = feb,
  year = {2013},
    Title = "{Warming up Storage-Level Caches with Bonfire}", 
}

@misc{omnet,
	Author = {OpenSim Ltd.},
	Note = {\url{https://omnetpp.org/}},
	Title = "{OMNeT++ Discrete Event Simulator}",
}

@misc{mellanox-manual,
	Author = {Mellanox Technologies},
 Title = "{Mellanox OFED for Linux User Manual}",
 Note = {\url{http://www.mellanox.com/related-docs/prod_software/Mellanox_OFED_Linux_User_Manual_v3.1-1.0.0.pdf}},
}

@misc{mellanox-omnet,
	Author = {Mellanox Technologies},
	Note = {\url{http://www.mellanox.com/page/omnet}},
	Title = "{OMNeT++ InfiniBand Flit Level Simulation Model}"
}

@inproceedings{costa15-r2c2,
author       = {Paolo Costa and Hitesh Ballani and Kaveh Razavi and Ian Kash},
 booktitle = {Proceedings of the ACM SIGCOMM 2015 Conference on SIGCOMM (SIGCOMM '15)},
month        = aug,
title        = {R2C2: A Network Stack for Rack-scale Computers},
year         = {2015},
 address = {London, U.K.}
}

@INPROCEEDINGS{Guo08-dcell,
    author = {Chuanxiong Guo and Haitao Wu and Kun Tan and Lei Shi and Yongguang Zhang and Songwu Lu},
    title = "{DCell: A scalable and fault-tolerant network structure for data centers}",
 booktitle = {Proceedings of the ACM SIGCOMM 2008 Conference on SIGCOMM (SIGCOMM '08)},
 year = {2008},
 month = aug,
 address = {Seattle, Washington}
}


@inproceedings{Lim09-disaggregate,
 author = {Lim, Kevin and Chang, Jichuan and Mudge, Trevor and Ranganathan, Parthasarathy and Reinhardt, Steven K. and Wenisch, Thomas F.},
 title = {Disaggregated Memory for Expansion and Sharing in Blade Servers},
 booktitle = {Proceedings of the 36th Annual International Symposium on Computer Architecture (ISCA '09)},
 year = {2009},
 address = "Austin, Texas",
} 

@inproceedings{Appuswamy13-scale,
 author = {Appuswamy, Raja and Gkantsidis, Christos and Narayanan, Dushyanth and Hodson, Orion and Rowstron, Antony},
 title = {Scale-up vs Scale-out for Hadoop: Time to Rethink?},
 booktitle = {Proceedings of the 4th Annual Symposium on Cloud Computing (SOCC '13)},
 year = {2013},
 address = {Santa Clara, California},
} 

@misc{HP-MemoryEvol,
 title = "{Memory Technology Evolution: An Overview of System Memory Technologies}",
 author = "{Hewlett-Packard Company}",
 Note = {\url{http://h10032.www1.hp.com/ctg/Manual/c01552458.pdf}},
}

@techreport{Asanovic-Berkeley06,
    Author = {Asanovic, Krste and Bodik, Ras and Catanzaro, Bryan Christopher and Gebis, Joseph James and Husbands, Parry and Keutzer, Kurt and Patterson, David A. and Plishker, William Lester and Shalf, John and Williams, Samuel Webb and Yelick, Katherine A.},
    Title = {The Landscape of Parallel Computing Research: A View from Berkeley},
    Institution = {EECS Department, University of California, Berkeley},
    Year = {2006},
    Month = {Dec},
}

@article{opal,
 author = {Jeff Chase and Miche Baker-Harvey and Hank Levy and Ed Lazowska},
 title = {Opal: A Single Address Space System for 64-bit Architectures},
 journal = {SIGOPS Oper. Syst. Rev.},
 volume = {26},
 number = {2},
 year = {1992},
 issn = {0163-5980},
 pages = {9},
 publisher = {ACM},
 address = {New York, NY, USA},
 }

@inproceedings{Deller-ATC99,
    author           = {Luke Deller and Gernot Heiser},
    title            = {Linking Programs in a Single Address Space},
    month            = {jun},
    year             = {1999},
    booktitle        = {Proceedings of the 1999 USENIX Annual Technical Conference (ATC '99)},
    address          = {Monterey, California}
  }

@book{Levy-capbook,
 author = {Levy, Henry M.},
 title = {Capability-Based Computer Systems},
 year = {1984},
 isbn = {0932376223},
 publisher = {Butterworth-Heinemann},
 address = {Newton, MA, USA},
} 

@misc{YahooWeb,
 title = "{Yahoo! WebScope Datasets}",
 author = {Yahoo Inc.},
 Note = {\url {http://webscope.sandbox.yahoo.com/}},
}

@misc{wwwgraph,
 title = "{World Wide Web Size}",
 author = {Maurice de Kunder},
 Note = {\url {http://www.worldwidewebsize.com/}},
}

@misc{facebookgraph,
 title = "{Large-scale Graph Partitioning with Apache Giraph}",
 author = {Facebook Inc.},
 Note = {\url {https://code.facebook.com/posts/274771932683700/large-scale-graph-partitioning-with-apache-giraph/}},
}

@misc{genbank,
 title = "{GenBank}",
 author = {National Institutes of Health (NIH)},
 Note = {\url {http://www.ncbi.nlm.nih.gov/genbank}},
}

@inproceedings{Zhang-FAST15-FlashGraph,
author = {Da Zheng and Disa Mhembere and Randal Burns and Joshua Vogelstein and Carey E. Priebe and Alexander S. Szalay},
title = {FlashGraph: Processing Billion-Node Graphs on an Array of Commodity SSDs},
booktitle = {Proceedings of the 13th USENIX Conference on File and Storage Technologies (FAST '15)},
year = {2015},
month = Feb,
address = {Santa Clara, California},
}

@inproceedings{Gonzalez-OSDI14-GraphX,
author = {Joseph E. Gonzalez and Reynold S. Xin and Ankur Dave and Daniel Crankshaw and Michael J. Franklin and Ion Stoica},
title = {GraphX: Graph Processing in a Distributed Dataflow Framework},
booktitle = {Proceedings of the 11th USENIX Symposium on Operating Systems Design and Implementation (OSDI '14)},
year = {2014},
month = Oct,
address = {Broomfield, Colorado},
}

@inproceedings{Low-UAI10-GraphLab,
title = {GraphLab: A New Parallel Framework for Machine Learning},
author = {Yucheng Low and Joseph Gonzalez and Aapo Kyrola and Danny Bickson and Carlos Guestrin and Joseph M. Hellerstein},
booktitle = {Proceedings of the 26th Conference on Uncertainty in Artificial Intelligence (UAI '10)},
month = July,
year = {2010},
address = {Catalina Island, California},
}

@article{Low-VLDB12-DistGraphLab,
 author = {Low, Yucheng and Bickson, Danny and Gonzalez, Joseph and Guestrin, Carlos and Kyrola, Aapo and Hellerstein, Joseph M.},
 title = {Distributed GraphLab: A Framework for Machine Learning and Data Mining in the Cloud},
 journal = {Proc. VLDB Endow.},
 issue_date = {April 2012},
 volume = {5},
 number = {8},
 month = apr,
 year = {2012},
 issn = {2150-8097},
 pages = {716--727},
 publisher = {VLDB Endowment},
} 

@inproceedings{Malewicz-SIGMOD10-Pregel,
 author = {Malewicz, Grzegorz and Austern, Matthew H. and Bik, Aart J.C and Dehnert, James C. and Horn, Ilan and Leiser, Naty and Czajkowski, Grzegorz},
 title = {Pregel: A System for Large-scale Graph Processing},
 booktitle = {Proceedings of the 2010 ACM SIGMOD International Conference on Management of Data (SIGMOD '10)},
 series = {SIGMOD '10},
 year = {2010},
 month = June,
 location = {Indianapolis, Indiana},
} 

@inproceedings{Kyrola-OSDI12-GraphChi,
author = {Aapo Kyrola and Guy Blelloch and Carlos Guestrin},
title = {GraphChi: Large-Scale Graph Computation on Just a PC},
booktitle = {Proceedings of the 10th USENIX Symposium on Operating Systems Design and Implementation (OSDI '12)},
year = {2012},
month = oct,
address = {Hollywood, California},
}

@inproceedings{Faraboschi-HotOS15,
author = {Paolo Faraboschi and Kimberly Keeton and Tim Marsland and Dejan Milojicic},
title = {Beyond Processor-centric Operating Systems},
booktitle = {15th Workshop on Hot Topics in Operating Systems (HotOS '15)},
year = {2015},
month = May,
address = {Kartause Ittingen, Switzerland},
}

@misc{IntelRackScale,
 title = "{Intel Rack Scale Architecture: Faster Service Delivery and Lower TCO}",
 Note = {\url {http://www.intel.com/content/www/us/en/architecture-and-technology/intel-rack-scale-architecture.html}},
    author = "{Intel Corporation}",
}

@inproceedings{HP-MemoryOS,
author = {Paolo Faraboschi and Kimberly Keeton and Tim Marsland and Dejan Milojicic},
title = {Beyond Processor-centric Operating Systems},
booktitle = {15th Workshop on Hot Topics in Operating Systems (HotOS '15)},
year = {2015},
month = May,
address = {Kartause Ittingen, Switzerland},
}

@misc{HP-TheMachine,
  author = "{Hewlett Packard}",
  title = "{The Machine: A New Kind of Computer}",
  howpublished = {\url{http://www.hpl.hp.com/research/systems-research/themachine/}},
}

@misc{HP-m800,
  author = "{Hewlett Packard}",
  title = "{HP ProLiant m800 Server Cartridge}",
  howpublished = {\url{http://www8.hp.com/h20195/v2/GetPDF.aspx%2F4AA4-9888ENW.pdf}},
}

@misc{HP-Moonshot,
  author = "{Hewlett Packard}",
  title = "{HP Moonshot SYstem}",
  howpublished = {\url{http://www8.hp.com/us/en/products/servers/moonshot/}},
}

@misc{FireBox-FASTKeynote,
 title = "{FireBox: A Hardware Building Block for 2020 Warehouse-Scale Computers}",
 author = {Krste Asanović},
 Note = {Keynote talk at the 12th USENIX Conference on File and Storage Technologies (FAST '14)},
year = {2014},
month = Feb,
address = {Santa Clara, California},
}

@inproceedings{Costa-WRSC14,
 author = {Paola Costa},
 title = {Towards rack-scale computing: Challenges and opportunities},
 booktitle = {First International Workshop on Rack-scale Computing (WRSC '14)},
 year = {2014},
 month = april,
 address = {Amsterdam, The Netherlands},
}

@inproceedings{Baumann-SOSP09,
 author = {Baumann, Andrew and Barham, Paul and Dagand, Pierre-Evariste and Harris, Tim and Isaacs, Rebecca and Peter, Simon and Roscoe, Timothy and Sch\"{u}pbach, Adrian and Singhania, Akhilesh},
 title = {The Multikernel: A New OS Architecture for Scalable Multicore Systems},
 booktitle = {Proceedings of the ACM SIGOPS 22nd Symposium on Operating Systems Principles (SOSP '09)},
 year = {2009},
 month = oct,
 location = {Big Sky, Montana},
} 

@inproceedings{Gerber-HotOS15,
author = {Simon Gerber and Gerd Zellweger and Reto Achermann and Kornilios Kourtis and Timothy Roscoe and Dejan Milojicic},
title = {Not Your Parents{\textquoteright} Physical Address Space},
booktitle = {15th Workshop on Hot Topics in Operating Systems (HotOS '15)},
year = {2015},
month = May,
address = {Kartause Ittingen, Switzerland},
}

@INPROCEEDINGS{Chang03usingcoherent,
    author = {Jichuan Chang and Jaehyuk Huh and Rajagopalan Desikan and Doug Burger and Gurindar Sohi},
    title = {Using coherent value speculation to improve multiprocessor performance},
    booktitle = {In First Value-Prediction Workshop (VPW '03)},
    year = {2003},
    month = june,
    address = {San Diego, California},
}

@misc{Intel3DXpoint,
 title = "{Intel Non-Volatile Memory 3D XPoint}",
 Note = {\url {http://www.intel.com/content/www/us/en/architecture-and-technology/non-volatile-memory.html?wapkw=3d+xpoint}},
    author = "{Intel Corporation}",
}

@misc{SamsungSTTM,
 title = "{Samsung Global MRAM Innovation Program}",
 Note = {\url {http://www.samsung.com/global/business/semiconductor/news-events/mram}},
    author = "{Samsung Electronics Corporation}",
}

@misc{ImageNet,
 title = "{ImageNet}",
 Note = {\url{http://www.image-net.org/}},
 author = "{Stanford Vision Lab, Stanford University, Princeton University}",
}

@misc{JeffDeanSocc,
 title = "{Building Large-Scale Internet Services}",
 Note = {\url{http://static.googleusercontent.com/media/research.google.com/en//people/jeff/SOCC2010-keynote-slides.pdf}},
 author = "{Jeff Dean}",
}

@misc{kubernetes,
 title = "{Kubernetes}",
 Note = {\url{http://kubernetes.io/}},
 author = "{Google Inc.}",
}

@misc{NVMe-fabrics,
 title = "{The Performance Impact of NVMe and NVMe over Fabrics}",
 Note = {\url{http://www.snia.org/sites/default/files/NVMe_Webcast_Slides_Final.1.pdf}},
 author = "{Cisco, EMC and Intel}",
}

@misc{NVMe-fabrics-Inteltalk,
 title = "{NVM Express Over Fabrics}",
 author = {Dave Minturn},
 howpublished = {11th Annual OpenFabrics International OFS Developers' Workshop},
 year = {2015},
 month = mar,
 address = {Monterey, California},
}

@misc{Mellanox-Switch,
 title = "{Mellanox Delivers the World’s Fastest EDR 100Gb/s InfiniBand Switch with Latency Less than 90 Nanoseconds}",
 author = "{Mellanox}",
 howpublished = {\url{http://www.mellanox.com/page/press_release_item?id=1424}},
}

@misc{Colfax-Direct,
 title = "{Colfax Direct HPC and Data Center Gear}",
 howpublished = {\url{http://www.colfaxdirect.com/store/pc/catalog/cd-logo.gif}},
 author = "{Colfax International}"
}

@TECHREPORT{NVMDB,
  AUTHOR =        {Kosuke Suzuki and Steven Swanson},
  TITLE =         {The Non-Volatile Memory Technology Database (NVMDB)},
  NUMBER =        {CS2015-1011},
  INSTITUTION =   {Department of Computer Science \& Engineering,
                   University of California, San Diego},
  MONTH =         {May},
  YEAR  =         {2015},
}

@inproceedings{Jellyfish,
author = {Ankit Singla and Chi-Yao Hong and Lucian Popa and P. Brighten Godfrey},
title = {Jellyfish: Networking Data Centers Randomly},
booktitle = {Proceedings of the 9th USENIX Symposium on Networked Systems Design and Implementation (NSDI '12)},
month = apr,
year = {2012},
address = {San Jose, CA},
}

@inproceedings{Kim08-Dragonfly,
 author = {Kim, John and Dally, Wiliam J. and Scott, Steve and Abts, Dennis},
 title = {Technology-Driven, Highly-Scalable Dragonfly Topology},
 booktitle = {Proceedings of the 35th Annual International Symposium on Computer Architecture (ISCA '08)},
 year = {2008},
 month = jun,
 address = {Washington, DC, USA},
} 

@inproceedings{MPTCP,
author = {Costin Raiciu and Christoph Paasch and Sebastien Barre and Alan Ford and Michio Honda and Fabien Duchene and Olivier Bonaventure and Mark Handley},
title = {How Hard Can It Be? Designing and Implementing a Deployable Multipath TCP},
booktitle = {Proceedings the 9th USENIX Symposium on Networked Systems Design and Implementation (NSDI 12)},
year = {2012},
address = {San Jose, CA},
month = apr,
}

@inproceedings{RPS,
    author = {Advait Dixit and Pawan Prakash and Y. Charlie Hu and Ramana Rao Kompella},
    title = "{On the Impact of Packet Spraying in Data Center Networks}",
    year = {2013},
    month = apr,
    address = {Turin, Italy},
    booktitle = {Proceedings of the 32nd IEEE International Conference on Computer Communications (INFOCOM '13)},
}

@inproceedings{DeTail,
 author = {Wischik, Damon and Raiciu, Costin and Greenhalgh, Adam and Handley, Mark},
 title = {Design, Implementation and Evaluation of Congestion Control for Multipath TCP},
 booktitle = {Proceedings of the 8th USENIX Conference on Networked Systems Design and Implementation (NSDI '11)},
 year = {2011},
 address = {Berkeley, CA, USA},
 month = mar,
} 

@inproceedings{FlowBender,
 author = {Kabbani, Abdul and Vamanan, Balajee and Hasan, Jahangir and Duchene, Fabien},
 title = {FlowBender: Flow-level Adaptive Routing for Improved Latency and Throughput in Datacenter Networks},
 booktitle = {Proceedings of the 10th ACM International on Conference on Emerging Networking Experiments and Technologiesi (CoNEXT '14)},
 year = {2014},
 month = dec,
 address = {New York, NY, USA},
} 

@misc{IB-RTT,
 howpublished = {\url{https://ramcloud.atlassian.net/wiki/display/RAM/Infiniband+Verbs+Performance}},
 author = {Stephen M. Rumble},
 title = "{Infiniband Verbs Performance}",
}

@inproceedings{Putnam14-FPGA,
 author = {Putnam, Andrew and Caulfield, Adrian M. and Chung, Eric S. and Chiou, Derek and Constantinides, Kypros and Demme, John and Esmaeilzadeh, Hadi and Fowers, Jeremy and Gopal, Gopi Prashanth and Gray, Jan and Haselman, Michael and Hauck, Scott and Heil, Stephen and Hormati, Amir and Kim, Joo-Young and Lanka, Sitaram and Larus, James and Peterson, Eric and Pope, Simon and Smith, Aaron and Thong, Jason and Xiao, Phillip Yi and Burger, Doug},
 title = {A Reconfigurable Fabric for Accelerating Large-scale Datacenter Services},
 booktitle = {Proceeding of the 41st Annual International Symposium on Computer Architecuture (ISCA '14)},
 year = {2014},
 month = jun,
 address = {Piscataway, NJ, USA},
} 
